@unpublished{chip8,
	author = {(M.Sc.), Laurence Muller},
	howpublished = {\url{http://www.multigesture.net/articles/how-to-write-an-emulator-chip-8-interpreter/}},
	title = {How to write an emulator (CHIP-8 interpreter)},
	url = {http://www.multigesture.net/articles/how-to-write-an-emulator-chip-8-interpreter/}
}

@book{bario,
	author = {del Barrio, Victor Moya},
	howpublished = {\url{http://www.xsim.com/papers/Bario.2001.emubook.pdf}},
	title = {Study of the techniques for emulation programming},
	url = {http://www.xsim.com/papers/Bario.2001.emubook.pdf}
}

@unpublished{gameboy,
	author = {Nazar, Imran},
	howpublished = {\url{http://imrannazar.com/GameBoy-Emulation-in-JavaScript:-The-CPU}},
	title = {GameBoy Emulation in Javascript},
	url = {http://imrannazar.com/GameBoy-Emulation-in-JavaScript:-The-CPU}
}

@article{New1,
	author = {Asami},
	booktitle = {Writing a RISC-V Emulator in Rust},
	title = {https://book.rvemu.app/index.html}
}

