@article{article,
	author = {Cunche, Mathieu},
	doi = {10.1007/s11416-013-0196-1},
	journal = {Journal of Computer Virology and Hacking Techniques},
	month = {11},
	pages = {219--227},
	title = {I know your MAC Address: Targeted tracking of individual using Wi-Fi},
	volume = {10},
	year = {2013}
}

@misc{wiki:Unix_time,
	author = {Wikipedia},
	howpublished = {\url{http://en.wikipedia.org/w/index.php?title=Unix\%20time&oldid=1010057781}},
	note = {[Online; accessed 05-March-2021]},
	title = {{Unix time} --- {W}ikipedia{,} The Free Encyclopedia},
	year = {2021}
}

