@article{Rivest1978,
	author = {Rivest, R. L. and Shamir, A. and Adleman, L.},
	doi = {10.1145/359340.359342},
	journal = {Communications of the {ACM}},
	month = feb,
	number = {2},
	pages = {120--126},
	publisher = {Association for Computing Machinery ({ACM})},
	title = {A method for obtaining digital signatures and public-key cryptosystems},
	url = {https://doi.org/10.1145/359340.359342},
	volume = {21},
	year = {1978}
}

@misc{wiki:RSA_(cryptosystem),
	author = {Wikipedia},
	howpublished = {\url{http://en.wikipedia.org/w/index.php?title=RSA\%20(cryptosystem)&oldid=989291810}},
	note = {[Online; accessed 20-November-2020]},
	title = {{RSA (cryptosystem)} --- {W}ikipedia{,} The Free Encyclopedia},
	year = {2020}
}

@article{twenty_years_rsa,
	author = {Boneh, Dan},
	journal = {NOTICES OF THE AMS},
	month = {02},
	pages = {},
	title = {Twenty Years of Attacks on the RSA Cryptosystem},
	volume = {46},
	year = {2002}
}

@misc{gupta2009revisiting,
	archiveprefix = {arXiv},
	author = {Gupta, Sounak and Paul, Goutam},
	eprint = {0910.4179},
	primaryclass = {cs.CR},
	title = {Revisiting Fermat's Factorization for the RSA Modulus},
	year = {2009}
}

@misc{rfc8017,
	abstract = {This document provides recommendations for the implementation of public-key cryptography based on the RSA algorithm, covering cryptographic primitives, encryption schemes, signature schemes with appendix, and ASN.1 syntax for representing keys and for identifying the schemes. This document represents a republication of PKCS \#1 v2.2 from RSA Laboratories' Public-Key Cryptography Standards (PKCS) series. By publishing this RFC, change control is transferred to the IETF. This document also obsoletes RFC 3447.},
	author = {Moriarty, Kathleen and Kaliski, Burt and Jonsson, Jakob and Rusch, Andreas},
	doi = {10.17487/RFC8017},
	howpublished = {RFC 8017},
	month = nov,
	number = 8017,
	pagetotal = 78,
	publisher = {RFC Editor},
	series = {Request for Comments},
	title = {PKCS \#1: RSA Cryptography Specifications Version 2.2},
	url = {https://rfc-editor.org/rfc/rfc8017.txt},
	year = 2016
}

